<?xml version="1.0" encoding="UTF-8"?><collection xmlns="http://www.loc.gov/MARC21/slim"><record><leader>00427nam--2200133-i-4500</leader><controlfield tag="001">000001823</controlfield><controlfield tag="002">20161230</controlfield><controlfield tag="005">20161230201024</controlfield><controlfield tag="008">060222s1000------------r-----000-0-eng-d</controlfield><datafield ind1=" " ind2=" " tag="100"><subfield code="a">Frrench,Judson C</subfield></datafield><datafield ind1=" " ind2=" " tag="245"><subfield code="a">Bibliography on the measurement of bulk resistivity of semiconductor materials for electron devices</subfield></datafield><datafield ind1=" " ind2=" " tag="260"><subfield code="a">Washington, U.S.D. Of Commerce, 1964. 13 P. + Bibl</subfield></datafield><datafield ind1=" " ind2=" " tag="490"><subfield code="a">Nbs Technical Note 232</subfield></datafield><datafield ind1=" " ind2=" " tag="852"><subfield code="a">D.1151</subfield></datafield></record></collection>